<?xml version="1.0" encoding="UTF-8"?><collection xmlns="http://www.loc.gov/MARC21/slim"><record><leader>00512nam--2200181-u-4500</leader><controlfield tag="001">000055292</controlfield><controlfield tag="002">20161230</controlfield><controlfield tag="005">20161230201052</controlfield><controlfield tag="008">121210s1000------------r-----000-0-rus-d</controlfield><datafield ind1=" " ind2=" " tag="040"><subfield code="a">IFIN-HH</subfield></datafield><datafield ind1=" " ind2=" " tag="041"><subfield code="a">rus</subfield></datafield><datafield ind1=" " ind2=" " tag="080"><subfield code="a">538.91</subfield></datafield><datafield ind1="1" ind2=" " tag="100"><subfield code="a">Krivoglaz, M.A</subfield></datafield><datafield ind1="1" ind2="0" tag="245"><subfield code="a">Diffuznoe rasseianie</subfield><subfield code="b">Rentgenovskih lucei i neitronov na fluktuationnaih neodnorodnostiah kristallah</subfield><subfield code="c">M.a. krivoglaz</subfield></datafield><datafield ind1=" " ind2=" " tag="260"><subfield code="a">Kiev</subfield><subfield code="b">Naukova Dumka</subfield><subfield code="c">1984</subfield></datafield><datafield ind1=" " ind2=" " tag="300"><subfield code="a">286P</subfield></datafield><datafield ind1=" " ind2=" " tag="852"><subfield code="a">72316</subfield><subfield code="c">539.217</subfield></datafield><datafield ind1=" " ind2=" " tag="CAT"><subfield code="a">Sys</subfield><subfield code="c">20121210</subfield><subfield code="h">170401</subfield></datafield></record></collection>